<?xml version="1.0" encoding="UTF-8"?><record xmlns="http://www.loc.gov/MARC21/slim" xmlns:cinclude="http://apache.org/cocoon/include/1.0" xmlns:zs="http://www.loc.gov/zing/srw/">
  <leader>00348nz  a2200121n  4500</leader>
  <controlfield tag="001">n  87916214 </controlfield>
  <controlfield tag="003">DLC</controlfield>
  <controlfield tag="005">19870811062646.5</controlfield>
  <controlfield tag="008">870629n| acannaab|          |n aaa ||| c</controlfield>
  <datafield tag="010" ind1=" " ind2=" ">
    <subfield code="a">n  87916214 </subfield>
  </datafield>
  <datafield tag="040" ind1=" " ind2=" ">
    <subfield code="a">Nc</subfield>
    <subfield code="c">DLC</subfield>
  </datafield>
  <datafield tag="100" ind1="1" ind2="0">
    <subfield code="a">Alltop, Lacoe B.</subfield>
  </datafield>
  <datafield tag="670" ind1=" " ind2=" ">
    <subfield code="a">Thrasher, J.H. Walter B. Jones Alcoholic Rehabilitation Center ... 1974:</subfield>
    <subfield code="b">t.p. (Lacoe B. Alltop)</subfield>
  </datafield>
</record>